@book{tabd2014,
  author    = "C. M. Bender and C. Deco and J. S. González and M. Hallo and J. C. Ponce Gallegos",
  title     = "Tópicos Avanzados de Bases de Datos",
  year      = "2014",
}

@book{bd2018,
  author    = "N. Reyes and O. E. Gagliardi and C. Deco and M. T. Taranilla",
  title     = "Bases de Datos, Maestría en Tecnología de la Información",
  year      = "2018",
}

@book{grafo2021,
  author    = "Gómez, E. and Mota, L.",
  title     = "Introducción a las bases de datos NoSQL. Sistemas de bases de datos orientados a grafos",
  year      = "2021",
}

@book{fund,
    author = "Ramez Elmasri and Shamkant B. Navathe",
    title = "Fundamentals Of Database Systems",
    year = "2017",
}

@article{tbl,
    author = {Berners-Lee, Tim and Hendler, James and Lassila, Ora},
    year = {2001},
    title = {The Semantic Web: A New Form of Web Content That is Meaningful to Computers Will Unleash a Revolution of New Possibilities},
    journal = {ScientificAmerican.com}
}

@article{scsql,
    author = {Cattell, R.},
    year = {2011},
    title = {Scalable SQL and NoSQL Data Stores},
    journal = {ACM SIGMOD Record}
}

@article{Atzeni2016DataMI,
  title={Data modeling in the NoSQL world},
  author={Paolo Atzeni and Francesca Bugiotti and Luca Cabibbo and Riccardo Torlone},
  journal={Comput. Stand. Interfaces},
  year={2016},
  volume={67},
  url={https://api.semanticscholar.org/CorpusID:64406004}
}

@article{surv,
author = {Angles, Renzo and Gutierrez, Claudio},
title = {Survey of graph database models},
year = {2008},
publisher = {Association for Computing Machinery},
journal = {ACM Comput. Surv.},
}

@misc{redis,
    note={Redis. href{https://redis.io/docs/latest/}{redis.io/docs}. (Accedido el 15.03.2024)}
}

@misc{hbase,
    note = {HBase. \href{https://hbase.apache.org/}{hbase.apache.org}. (Accedido el 13.05.2024)} 
}

@misc{mongodb,
    note = {MongoDB. \href{https://www.mongodb.com/}{mongodb.com}. (Accedido el 13.05.2024)} 
}

@misc{neo4j,
    note = {Neo4j. \href{https://neo4j.com/}{neo4j.com}. (Accedido el 10.05.2024)} 
}

@article{cov-19,
    author = {João Antas and Rodrigo Rocha Silva and Jorge Bernardino},
    title = {Assessment of SQL and NoSQL Systems to Store and Mine COVID-19 Data},
    journal = {MDP Comput. Suv.},
    year = {2022}
}

@article{geo2015,
    author = {Stephan Schmid and Eszter Galicz and Wolfgang Reinhardt},
    title = {Performance investigation of selected SQL and NoSQL databases},
    year = 2015
}"

@misc{geojson,
    note = {GeoJSON. \href{https://datatracker.ietf.org/doc/html/rfc7946}{datatracker.ietf.org/doc/html/rfc7946}. Accedido el 08.01.2015}
}

@misc{mongodb2dsphere,
    note = {MongoDB, Inc.: Geospatial Indexes and Queries. \href{http://docs.mongodb.org/manual/applications/geospatial-indexes/}{docs.mongodb.org/manual/applications/geospatial-indexes}. (Accedido el 27.08.2014)}
}

@misc{couchbase,
    note = {Ostrovsky, D., Rodenski, Y.: Pro Couchbase Server. Apress. (2014)}
}

@misc{post-gis,
    note = {PostGIS Development Group. Postgis Manual. \href{http://postgis.net/docs/index.html}{postgis.net/docs/index.html}. (Accedido el 14.01.2014)} 
}

@article{multidb,
    author = {Hřivnáč, Julius and Peloton, Julien},
    year = {2024},
    month = {05},
    pages = {},
    title = {Multidatabase The Future of the data storage in Particle Physics and Astronomy},
    volume = {295},
    journal = {EPJ Web of Conferences},
    doi = {10.1051/epjconf/202429501039}
}

@article{fraud_detection,
author = {Arjunan, Tamilselvan},
year = {2024},
month = {03},
pages = {},
title = {Fraud Detection in NoSQL Database Systems using Advanced Machine Learning},
volume = {9},
journal = {International Journal of Innovative Science and Research Technology},
doi = {10.38124/ijisrt/IJISRT24MAR127}
}

@misc{lsstsciencecollaboration2009lsst,
      title={LSST Science Book, Version 2.0}, 
      author={},
      year={2009},
      eprint={0912.0201},
      archivePrefix={arXiv},
      primaryClass={astro-ph.IM}
}

@misc{zwicky,
    note = {Zwicky transient facility (ztf), \href{https://www.ztf.caltech.edu}{ztf.caltech.edu}. (Accedido el)}
}

@misc{janusgraph,
    note = {Janusgraph, \href{https://janusgraph.org}{janusgraph.org}. (Accedido el)}
}

@misc{fink,
    note = {Fink Project, \href{https://fink-broker.org/}{fink-broker.org}. (Accedido el)}
}

@article{10.1093/mnras/staa3602,
    author = {Möller, Anais and Peloton, Julien and Ishida, Emille E O and Arnault, Chris and Bachelet, et al},
    title = "{fink, a new generation of broker for the LSST community}",
    journal = {Monthly Notices of the Royal Astronomical Society},
    volume = {501},
    number = {3},
    pages = {3272-3288},
    year = {2020},
    month = {11},
    issn = {0035-8711},
    doi = {10.1093/mnras/staa3602},
    url = {\href{https://doi.org/10.1093/mnras/staa3602}{doi.org/10.1093/mnras/staa3602}}
}
